<?xml version="1.0" encoding="UTF-8"?><record xmlns="http://www.loc.gov/MARC21/slim" xmlns:cinclude="http://apache.org/cocoon/include/1.0" xmlns:zs="http://www.loc.gov/zing/srw/">
  <leader>00471nz  a2200157n  4500</leader>
  <controlfield tag="001">no2002056581</controlfield>
  <controlfield tag="003">DLC</controlfield>
  <controlfield tag="005">20020629071116.0</controlfield>
  <controlfield tag="008">020628n| acannaabn          |a ana     c</controlfield>
  <datafield tag="010" ind1=" " ind2=" ">
    <subfield code="a">no2002056581</subfield>
  </datafield>
  <datafield tag="035" ind1=" " ind2=" ">
    <subfield code="a">(OCoLC)oca05798380</subfield>
  </datafield>
  <datafield tag="040" ind1=" " ind2=" ">
    <subfield code="a">CLU</subfield>
    <subfield code="b">eng</subfield>
    <subfield code="c">CLU</subfield>
  </datafield>
  <datafield tag="110" ind1="2" ind2=" ">
    <subfield code="a">Ciudad Gótica (Firm)</subfield>
  </datafield>
  <datafield tag="410" ind1="2" ind2=" ">
    <subfield code="a">Editorial Ciudad Gótica</subfield>
  </datafield>
  <datafield tag="410" ind1="2" ind2=" ">
    <subfield code="a">CG</subfield>
  </datafield>
  <datafield tag="670" ind1=" " ind2=" ">
    <subfield code="a">La otra altura de los pájaros, 2001:</subfield>
    <subfield code="b">t.p. (Ciudad Gótica; logo: CG) t.p. verso (Editorial Ciudad Gótica)</subfield>
  </datafield>
</record>